<record><leader>01818cam a2200361 a 4500</leader><controlfield tag="001">1370422</controlfield><controlfield tag="008">910415s1985    snc               0 eng c</controlfield><datafield ind1=" " ind2=" " tag="035"><subfield code="a">ocm70345145</subfield></datafield><datafield ind1=" " ind2=" " tag="040"><subfield code="b">eng</subfield></datafield><datafield ind1=" " ind2=" " tag="043"><subfield code="a">e-uk---</subfield><subfield code="a">e-sp---</subfield><subfield code="a">e-fr---</subfield></datafield><datafield ind1=" " ind2=" " tag="049"><subfield code="a">AEU</subfield><subfield code="b">eng</subfield></datafield><datafield ind1=" " ind2="3" tag="055"><subfield code="a">HD 2963</subfield><subfield code="b">A972 1985</subfield></datafield><datafield ind1="0" ind2=" " tag="090"><subfield code="a">HD 2963 A972 1985</subfield></datafield><datafield ind1="1" ind2=" " tag="100"><subfield code="a">Axworthy, Christopher S.</subfield></datafield><datafield ind1="1" ind2="0" tag="245"><subfield code="a">Worker co-operatives in Mondragon the U.K. and France :</subfield><subfield code="b">some reflections /</subfield><subfield code="c">Christopher S. Axworthy.</subfield></datafield><datafield ind1=" " ind2=" " tag="260"><subfield code="a">Saskatoon, Sask. :</subfield><subfield code="b">Centre for the Study of Co-operatives, Diefenbaker Centre, University of Saskatchewan,</subfield><subfield code="c">1985.</subfield></datafield><datafield ind1=" " ind2=" " tag="300"><subfield code="a">93 p. ;</subfield><subfield code="c">23 cm.</subfield></datafield><datafield ind1=" " ind2=" " tag="336"><subfield code="a">text</subfield><subfield code="b">txt</subfield><subfield code="2">rdacontent</subfield></datafield><datafield ind1=" " ind2=" " tag="337"><subfield code="a">unmediated</subfield><subfield code="b">n</subfield><subfield code="2">rdamedia</subfield></datafield><datafield ind1=" " ind2=" " tag="338"><subfield code="a">volume</subfield><subfield code="b">nc</subfield><subfield code="2">rdacarrier</subfield></datafield><datafield ind1="1" ind2=" " tag="490"><subfield code="a">Occasional papers /University of Saskatchewan. Centre for the study of Co-operatives ;</subfield><subfield code="v">85-01</subfield></datafield><datafield ind1=" " ind2=" " tag="500"><subfield code="a">"The contents of this paper were part of the author's presentation 'Applying the International experience in Canadian worker co-op development" given at 'Employment Co-operatives: an investment in innovation', a national conference on Workers' Co-Operatives, 26-28 February 1985"</subfield></datafield><datafield ind1=" " ind2=" " tag="596"><subfield code="a">38</subfield></datafield><datafield ind1=" " ind2="0" tag="650"><subfield code="a">Cooperative societies</subfield><subfield code="z">Spain.</subfield></datafield><datafield ind1=" " ind2="0" tag="650"><subfield code="a">Cooperative societies</subfield><subfield code="z">France.</subfield></datafield><datafield ind1=" " ind2="0" tag="650"><subfield code="a">Cooperative societies</subfield><subfield code="z">Great Britain.</subfield></datafield><datafield ind1=" " ind2="0" tag="650"><subfield code="a">Employee ownership</subfield><subfield code="z">Spain.</subfield></datafield><datafield ind1=" " ind2="0" tag="650"><subfield code="a">Employee ownership</subfield><subfield code="z">France.</subfield></datafield><datafield ind1=" " ind2="0" tag="650"><subfield code="a">Employee ownership</subfield><subfield code="z">Great Britain.</subfield></datafield><datafield ind1="2" ind2=" " tag="710"><subfield code="a">University of Saskatchewan.</subfield><subfield code="b">Centre for the Study of Co-operatives.</subfield></datafield><datafield ind1="2" ind2=" " tag="710"><subfield code="a">Right Honourable John G. Diefenbaker Centre.</subfield></datafield><datafield ind1=" " ind2="0" tag="830"><subfield code="a">Occasional paper series (University of Saskatchewan. Centre for the Study of Co-operatives) ;</subfield><subfield code="v">85.01.</subfield></datafield><datafield ind1=" " ind2=" " tag="926"><subfield code="a">HD 2963 A972 1985</subfield><subfield code="w">LC</subfield><subfield code="c">1</subfield><subfield code="i">000036177186</subfield><subfield code="l">ON_SHELF</subfield><subfield code="m">UABARD</subfield><subfield code="p">$150.00</subfield><subfield code="r">Y</subfield><subfield code="s">Y</subfield><subfield code="t">BOOK</subfield><subfield code="u">4/24/1991</subfield><subfield code="o">.STAFF.  B0013503</subfield></datafield></record>